{"seed":[5942,11238,31721,20565,60948,14629,57494,32791,62184,48613,23746,45707],"turns":26,"p1":"iMeridian","p2":"Megu","p1team":[{"name":"Registeel","species":"Registeel","moves":["ironhead","toxic","protect","stealthrock"],"ability":"Clear Body","evs":{"hp":85,"atk":85,"def":85,"spa":85,"spd":85,"spe":85},"ivs":{"hp":31,"atk":31,"def":31,"spa":31,"spd":31,"spe":31},"item":"Leftovers","level":79,"shiny":false},{"name":"Entei","species":"Entei","moves":["stoneedge","bulldoze","flareblitz","extremespeed"],"ability":"Pressure","evs":{"hp":81,"atk":85,"def":85,"spa":85,"spd":85,"spe":85},"ivs":{"hp":31,"atk":31,"def":31,"spa":31,"spd":31,"spe":31},"item":"Choice Band","level":77,"shiny":false},{"name":"Armaldo","species":"Armaldo","moves":["xscissor","swordsdance","knockoff","earthquake"],"ability":"Swift Swim","evs":{"hp":81,"atk":85,"def":85,"spa":85,"spd":85,"spe":85},"ivs":{"hp":31,"atk":31,"def":31,"spa":31,"spd":31,"spe":31},"item":"Life Orb","level":79,"shiny":false},{"name":"Seismitoad","species":"Seismitoad","moves":["hydropump","earthquake","toxic","raindance"],"ability":"Swift Swim","evs":{"hp":85,"atk":85,"def":85,"spa":85,"spd":85,"spe":85},"ivs":{"hp":31,"atk":31,"def":31,"spa":31,"spd":31,"spe":31},"item":"Damp Rock","level":79,"shiny":false},{"name":"Talonflame","species":"Talonflame","moves":["bravebird","swordsdance","roost","flareblitz"],"ability":"Gale Wings","evs":{"hp":81,"atk":85,"def":85,"spa":85,"spd":85,"spe":85},"ivs":{"hp":31,"atk":31,"def":31,"spa":31,"spd":31,"spe":31},"item":"Flyinium Z","level":78,"shiny":false},{"name":"Xerneas","species":"Xerneas","moves":["geomancy","psyshock","hiddenpowerfire","moonblast"],"ability":"Fairy Aura","evs":{"hp":85,"atk":0,"def":85,"spa":85,"spd":85,"spe":85},"ivs":{"hp":31,"atk":0,"def":31,"spa":31,"spd":31,"spe":31},"item":"Power Herb","level":73,"shiny":false,"hpType":"Fire"}],"p2team":[{"name":"Sawsbuck","species":"Sawsbuck","moves":["batonpass","jumpkick","hornleech","substitute"],"ability":"Sap Sipper","evs":{"hp":85,"atk":85,"def":85,"spa":85,"spd":85,"spe":85},"ivs":{"hp":31,"atk":31,"def":31,"spa":31,"spd":31,"spe":31},"item":"Life Orb","level":79,"shiny":false},{"name":"Magmortar","species":"Magmortar","moves":["hiddenpowergrass","thunderbolt","substitute","fireblast"],"ability":"Vital Spirit","evs":{"hp":81,"atk":0,"def":85,"spa":85,"spd":85,"spe":85},"ivs":{"hp":31,"atk":0,"def":31,"spa":31,"spd":31,"spe":31},"item":"Leftovers","level":79,"shiny":false,"hpType":"Grass"},{"name":"Hoopa","species":"Hoopa-Unbound","moves":["psychic","substitute","nastyplot","darkpulse"],"ability":"Magician","evs":{"hp":85,"atk":0,"def":85,"spa":85,"spd":85,"spe":85},"ivs":{"hp":31,"atk":0,"def":31,"spa":31,"spd":31,"spe":31},"item":"Leftovers","level":75,"shiny":false},{"name":"Wormadam","species":"Wormadam-Trash","moves":["stealthrock","protect","gyroball","toxic"],"ability":"Overcoat","evs":{"hp":85,"atk":85,"def":85,"spa":85,"spd":85,"spe":0},"ivs":{"hp":31,"atk":31,"def":31,"spa":31,"spd":31,"spe":0},"item":"Leftovers","level":79,"shiny":false},{"name":"Salamence","species":"Salamence","moves":["dracometeor","fireblast","doubleedge","roost"],"ability":"Intimidate","evs":{"hp":85,"atk":85,"def":85,"spa":85,"spd":85,"spe":85},"ivs":{"hp":31,"atk":31,"def":31,"spa":31,"spd":31,"spe":31},"item":"Salamencite","level":73,"shiny":false},{"name":"Gligar","species":"Gligar","moves":["earthquake","defog","toxic","roost"],"ability":"Immunity","evs":{"hp":85,"atk":85,"def":85,"spa":85,"spd":85,"spe":85},"ivs":{"hp":31,"atk":31,"def":31,"spa":31,"spd":31,"spe":31},"item":"Eviolite","level":79,"shiny":false}],"log":["|player|p1|iMeridian|99","|player|p2|Megu|169","|gametype|singles","|gen|7","|tier|[Gen 7] Random Battle","|rated","|seed|5942,11238,31721,20565,60948,14629,57494,32791,62184,48613,23746,45707","|rule|Sleep Clause Mod: Limit one foe put to sleep","|rule|HP Percentage Mod: HP is shown in percentages","|","|start","|switch|p1a: Registeel|Registeel, L79|100/100","|switch|p2a: Sawsbuck|Sawsbuck, L79, F|100/100","|turn|1","|choice|move stealthrock|move substitute","|","|move|p2a: Sawsbuck|Substitute|p2a: Sawsbuck","|-start|p2a: Sawsbuck|Substitute","|-damage|p2a: Sawsbuck|75/100","|move|p1a: Registeel|Stealth Rock|p2a: Sawsbuck","|-sidestart|p2: Megu|move: Stealth Rock","|","|upkeep","|turn|2","|choice|move ironhead|move batonpass","|","|move|p2a: Sawsbuck|Baton Pass|p2a: Sawsbuck","|choice||switch 2","|","|switch|p2a: Magmortar|Magmortar, L79, M|100/100","|-damage|p2a: Magmortar|76/100|[from] Stealth Rock","|move|p1a: Registeel|Iron Head|p2a: Magmortar","|-resisted|p2a: Magmortar","|-activate|p2a: Magmortar|move: Substitute|[damage]","|","|-heal|p2a: Magmortar|82/100|[from] item: Leftovers","|upkeep","|turn|3","|choice|switch 4|move thunderbolt","|","|switch|p1a: Seismitoad|Seismitoad, L79, M|100/100","|move|p2a: Magmortar|Thunderbolt|p1a: Seismitoad","|-immune|p1a: Seismitoad|[msg]","|","|-heal|p2a: Magmortar|88/100|[from] item: Leftovers","|upkeep","|turn|4","|choice|switch 2|move hiddenpower","|","|switch|p1a: Entei|Entei, L77|100/100","|-ability|p1a: Entei|Pressure","|move|p2a: Magmortar|Hidden Power|p1a: Entei","|-resisted|p1a: Entei","|-damage|p1a: Entei|91/100","|","|-heal|p2a: Magmortar|94/100|[from] item: Leftovers","|upkeep","|turn|5","|choice|move stoneedge|switch 6","|","|switch|p2a: Gligar|Gligar, L79, F|100/100","|-damage|p2a: Gligar|88/100|[from] Stealth Rock","|move|p1a: Entei|Stone Edge|p2a: Gligar","|-damage|p2a: Gligar|61/100","|","|upkeep","|turn|6","|choice|switch 2|move toxic","|","|switch|p1a: Seismitoad|Seismitoad, L79, M|100/100","|move|p2a: Gligar|Toxic|p1a: Seismitoad","|-status|p1a: Seismitoad|tox","|","|-damage|p1a: Seismitoad|94/100 tox|[from] psn","|upkeep","|turn|7","|choice|move hydropump|switch 2","|","|switch|p2a: Sawsbuck|Sawsbuck, L79, F|75/100","|-damage|p2a: Sawsbuck|63/100|[from] Stealth Rock","|move|p1a: Seismitoad|Hydro Pump|p2a: Sawsbuck","|-resisted|p2a: Sawsbuck","|-damage|p2a: Sawsbuck|40/100","|","|-damage|p1a: Seismitoad|82/100 tox|[from] psn","|upkeep","|turn|8","|choice|switch 4|move jumpkick","|","|switch|p1a: Registeel|Registeel, L79|100/100","|move|p2a: Sawsbuck|Jump Kick|p1a: Registeel","|-supereffective|p1a: Registeel","|-damage|p1a: Registeel|57/100","|-damage|p2a: Sawsbuck|30/100|[from] item: Life Orb","|","|-heal|p1a: Registeel|63/100|[from] item: Leftovers","|upkeep","|turn|9","|choice|move protect|switch 5","|","|switch|p2a: Salamence|Salamence, L73, M|100/100","|-damage|p2a: Salamence|76/100|[from] Stealth Rock","|-ability|p2a: Salamence|Intimidate|boost","|-fail|p1a: Registeel|unboost|[from] ability: Clear Body|[of] p1a: Registeel","|move|p1a: Registeel|Protect|p1a: Registeel","|-fail|p1a: Registeel","|","|-heal|p1a: Registeel|69/100|[from] item: Leftovers","|upkeep","|turn|10","|choice|move toxic|move doubleedge","|","|move|p2a: Salamence|Double-Edge|p1a: Registeel","|-resisted|p1a: Registeel","|-damage|p1a: Registeel|58/100","|-damage|p2a: Salamence|72/100|[from] recoil|[of] p1a: Registeel","|move|p1a: Registeel|Toxic|p2a: Salamence","|-status|p2a: Salamence|tox","|","|-heal|p1a: Registeel|64/100|[from] item: Leftovers","|-damage|p2a: Salamence|66/100 tox|[from] psn","|upkeep","|turn|11","|choice|move ironhead|move fireblast","|","|move|p2a: Salamence|Fire Blast|p1a: Registeel","|-supereffective|p1a: Registeel","|-damage|p1a: Registeel|30/100","|move|p1a: Registeel|Iron Head|p2a: Salamence","|-damage|p2a: Salamence|38/100 tox","|","|-heal|p1a: Registeel|36/100|[from] item: Leftovers","|-damage|p2a: Salamence|25/100 tox|[from] psn","|upkeep","|turn|12","|choice|move ironhead|move fireblast","|","|move|p2a: Salamence|Fire Blast|p1a: Registeel|[miss]","|-miss|p2a: Salamence|p1a: Registeel","|move|p1a: Registeel|Iron Head|p2a: Salamence","|-damage|p2a: Salamence|0 fnt","|faint|p2a: Salamence","|","|-heal|p1a: Registeel|42/100|[from] item: Leftovers","|upkeep","|choice||switch 3","|","|switch|p2a: Hoopa|Hoopa-Unbound, L75|100/100","|-damage|p2a: Hoopa|88/100|[from] Stealth Rock","|turn|13","|choice|move ironhead|move substitute","|","|move|p2a: Hoopa|Substitute|p2a: Hoopa","|-start|p2a: Hoopa|Substitute","|-damage|p2a: Hoopa|63/100","|move|p1a: Registeel|Iron Head|p2a: Hoopa","|-crit|p2a: Hoopa","|-end|p2a: Hoopa|Substitute","|","|-heal|p2a: Hoopa|69/100|[from] item: Leftovers","|-heal|p1a: Registeel|49/100|[from] item: Leftovers","|upkeep","|turn|14","|choice|move ironhead|switch 4","|","|switch|p2a: Wormadam|Wormadam-Trash, L79, F|100/100","|-damage|p2a: Wormadam|88/100|[from] Stealth Rock","|move|p1a: Registeel|Iron Head|p2a: Wormadam","|-resisted|p2a: Wormadam","|-damage|p2a: Wormadam|75/100","|","|-heal|p1a: Registeel|55/100|[from] item: Leftovers","|-heal|p2a: Wormadam|81/100|[from] item: Leftovers","|upkeep","|turn|15","|choice|switch 2|move stealthrock","|","|switch|p1a: Entei|Entei, L77|91/100","|-ability|p1a: Entei|Pressure","|move|p2a: Wormadam|Stealth Rock|p1a: Entei","|-sidestart|p1: iMeridian|move: Stealth Rock","|","|-heal|p2a: Wormadam|87/100|[from] item: Leftovers","|upkeep","|turn|16","|choice|move flareblitz|move protect","|","|move|p2a: Wormadam|Protect|p2a: Wormadam","|-singleturn|p2a: Wormadam|Protect","|move|p1a: Entei|Flare Blitz|p2a: Wormadam","|-activate|p2a: Wormadam|move: Protect","|","|-heal|p2a: Wormadam|93/100|[from] item: Leftovers","|upkeep","|turn|17","|choice|move flareblitz|switch 2","|","|switch|p2a: Gligar|Gligar, L79, F|61/100","|-damage|p2a: Gligar|49/100|[from] Stealth Rock","|move|p1a: Entei|Flare Blitz|p2a: Gligar","|-crit|p2a: Gligar","|-damage|p2a: Gligar|0 fnt","|-damage|p1a: Entei|79/100|[from] recoil|[of] p2a: Gligar","|faint|p2a: Gligar","|","|upkeep","|choice||switch 5","|","|switch|p2a: Sawsbuck|Sawsbuck, L79, F|30/100","|-damage|p2a: Sawsbuck|17/100|[from] Stealth Rock","|turn|18","|choice|switch 2|move jumpkick","|","|switch|p1a: Registeel|Registeel, L79|55/100","|-damage|p1a: Registeel|49/100|[from] Stealth Rock","|move|p2a: Sawsbuck|Jump Kick|p1a: Registeel","|-supereffective|p1a: Registeel","|-damage|p1a: Registeel|2/100","|-damage|p2a: Sawsbuck|8/100|[from] item: Life Orb","|","|-heal|p1a: Registeel|8/100|[from] item: Leftovers","|upkeep","|turn|19","|choice|move protect|move jumpkick","|","|move|p1a: Registeel|Protect|p1a: Registeel","|-singleturn|p1a: Registeel|Protect","|move|p2a: Sawsbuck|Jump Kick|p1a: Registeel","|-activate|p1a: Registeel|move: Protect","|-damage|p2a: Sawsbuck|0 fnt|[from] jumpkick","|faint|p2a: Sawsbuck","|","|-heal|p1a: Registeel|14/100|[from] item: Leftovers","|upkeep","|choice||switch 4","|","|switch|p2a: Hoopa|Hoopa-Unbound, L75|69/100","|-damage|p2a: Hoopa|57/100|[from] Stealth Rock","|turn|20","|choice|move ironhead|move nastyplot","|","|move|p2a: Hoopa|Nasty Plot|p2a: Hoopa","|-boost|p2a: Hoopa|spa|2","|move|p1a: Registeel|Iron Head|p2a: Hoopa","|-damage|p2a: Hoopa|23/100","|","|-heal|p2a: Hoopa|29/100|[from] item: Leftovers","|-heal|p1a: Registeel|20/100|[from] item: Leftovers","|upkeep","|turn|21","|choice|move ironhead|move darkpulse","|","|move|p2a: Hoopa|Dark Pulse|p1a: Registeel","|-damage|p1a: Registeel|0 fnt","|faint|p1a: Registeel","|","|-heal|p2a: Hoopa|35/100|[from] item: Leftovers","|upkeep","|choice|switch 6|","|","|switch|p1a: Xerneas|Xerneas, L73|100/100","|-damage|p1a: Xerneas|88/100|[from] Stealth Rock","|-ability|p1a: Xerneas|Fairy Aura","|turn|22","|choice|move moonblast|move darkpulse","|","|move|p1a: Xerneas|Moonblast|p2a: Hoopa","|-supereffective|p2a: Hoopa","|-damage|p2a: Hoopa|0 fnt","|faint|p2a: Hoopa","|","|upkeep","|choice||switch 6","|","|switch|p2a: Magmortar|Magmortar, L79, M|94/100","|-damage|p2a: Magmortar|69/100|[from] Stealth Rock","|turn|23","|choice|move geomancy|move thunderbolt","|","|move|p1a: Xerneas|Geomancy|p1a: Xerneas|[still]","|-prepare|p1a: Xerneas|Geomancy|p1a: Xerneas","|-enditem|p1a: Xerneas|Power Herb","|-anim|p1a: Xerneas|Geomancy|p1a: Xerneas","|-boost|p1a: Xerneas|spa|2","|-boost|p1a: Xerneas|spd|2","|-boost|p1a: Xerneas|spe|2","|move|p2a: Magmortar|Thunderbolt|p1a: Xerneas","|-damage|p1a: Xerneas|75/100","|","|-heal|p2a: Magmortar|75/100|[from] item: Leftovers","|upkeep","|turn|24","|choice|move psyshock|move fireblast","|","|move|p1a: Xerneas|Psyshock|p2a: Magmortar","|-damage|p2a: Magmortar|22/100","|move|p2a: Magmortar|Fire Blast|p1a: Xerneas|[miss]","|-miss|p2a: Magmortar|p1a: Xerneas","|","|-heal|p2a: Magmortar|28/100|[from] item: Leftovers","|upkeep","|turn|25","|choice|move moonblast|move fireblast","|","|move|p1a: Xerneas|Moonblast|p2a: Magmortar","|-resisted|p2a: Magmortar","|-damage|p2a: Magmortar|0 fnt","|faint|p2a: Magmortar","|","|upkeep","|choice||switch 2","|","|switch|p2a: Wormadam|Wormadam-Trash, L79, F|93/100","|-damage|p2a: Wormadam|81/100|[from] Stealth Rock","|turn|26","|choice|move hiddenpower|move gyroball","|","|move|p1a: Xerneas|Hidden Power|p2a: Wormadam","|-supereffective|p2a: Wormadam","|-damage|p2a: Wormadam|0 fnt","|faint|p2a: Wormadam","|","|win|iMeridian"],"p1rating":1045,"p2rating":1000,"endType":"normal","timestamp":"Tue Aug 21 2018 11:54:20 GMT+0000 (UTC)","id":"battle-gen7randombattle-323","format":"gen7randombattle"}